@misc{usyd2,
	author = "{The University of Sydney}",
	title = "Referencing and Citation Styles: {IEEE}",
	year = 2022,
	note = "See \url{https://libguides.library.usyd.edu.au/c.php?g=508212}"}
	
@misc{sfia,
	author = "{SFIA}",
	title = "The global skills and competency framework for the digital world",
	year = 2022,
	note = "See \url{https://sfia-online.org/en/sfia-8/all-skills-a-z}"}

@misc{Dtan1,
	author = "{DataCamp}",
	title = "What is Data Analysis? An Expert Guide With Examples",
	year = 2023,
	note = "See \url{https://www.datacamp.com/blog/what-is-data-analysis-expert-guide}"}

@misc{Dtan2,
	author = "{Jamilu A. Aliyup}",
	title = "How can data analysts use their skills to help their organizations succeed?",
	year = 2023,
	note = "See \url{https://www.linkedin.com/pulse/how-can-data-analysts-use-skills-help-organizations-succeed-a-aliyu-wluqf#:~:text=Data%20analysts%20help%20organizations%20make,that%20align%20with%20their%20goals}"}

@misc{Dtan3,
	author = "{University of Pennsylvania}",
	title = "5 key reasons why data analytics is important to business",
	year = 2022,
	note = "See \url{https://lpsonline.sas.upenn.edu/features/5-key-reasons-why-data-analytics-important-business}"}

@misc{Mlhe1,
	author = "{Raj Verma}",
	title = "Role of Machine Learning in Data Science Simplified 101",
	year = 2023,
	note = "See \url{https://www.linkedin.com/pulse/how-can-data-analysts-use-skills-help-organizations-succeed-a-aliyu-wluqf#:~:text=Data%20analysts%20help%20organizations%20make,that%20align%20with%20their%20goals}"}

@misc{Mlhe2,
	author = "{Ashkan Ebadi, Yvan Gauthier, St√©phane Tremblay, Patrick Paul}",
	title = "How can Automated Machine Learning Help Business Data Science Teams?",
	year = 2019,
	note = "See \url{https://ieeexplore.ieee.org/abstract/document/8999171}"}

@misc{Data1,
	author = "{Antony Unwin}",
	title = "Why Is Data Visualization Important? What Is Important in Data Visualization?",
	year = 2020,
	note = "See \url{https://hdsr.mitpress.mit.edu/pub/zok97i7p/release/4}"}

@misc{Data2,
	author = "{Prit Doshi}",
	title = "The Role of Data Visualization in Data Analytics",
	year = 2023,
	note = "See \url{https://itchronicles.com/big-data/the-role-of-data-visualization-in-data-analytics/}"}

@misc{PROG1,
	author = "{SFIA}",
	title = "Programming/software development PROG",
	note = "See \url{https://sfia-online.org/en/sfia-8/skills/programming-software-development}"}

@misc{PROG2,
	author = "{Innovation Tech Junction }",
	title = "The Importance of Programming: A Closer Look at Software Development",
        year = 2022,
	note = "See \url{https://innovation-tech-junction.co/blog/the-importance-of-programming-a-closer-look-at-software-development/}"}

@misc{PROG3,
	author = "{Jash Unadkat}",
	title = "Understanding Code Review and its Benefits",
        year = 2023,
	note = "See \url{https://www.browserstack.com/guide/code-review-benefits}"}


@misc{PROG4,
	author = "{Gregory Brown}",
	title = "The traits of a proficient programmer",
        year = 2016,
	note = "See \url{https://www.oreilly.com/radar/the-traits-of-a-proficient-programmer/}"}


@misc{SWDN1,
	author = "{IEEE Computer Society}",
	title = "Why Software Design Is Important",
	note = "See \url{https://www.computer.org/resources/importance-of-software-design-is-important}"}

@misc{SWDN2,
	author = "{Itesh Sharma}",
	title = "Importance of Custom Software Design & Development",
	note = "See \url{https://www.tatvasoft.com/outsourcing/2021/01/importance-of-software-design.html}"}
@misc{TEST1,
	author = "{SFIA}",
	title = "Testing TEST",
	note = "See \url{
https://sfia-online.org/en/sfia-8/skills/testing}"}
@misc{TEST2,
	author = "{Pradeep Parthiban}",
	title = "7 Reasons Why Software Testing is Important",
        year = 2021,
	note = "See \url{
https://www.indiumsoftware.com/blog/why-software-testing/
}"}
@misc{TEST3,
	author = "{IEEE Computer Society}",
	title = "The Importance of Software Testing",
	note = "See \url{
https://www.computer.org/resources/importance-of-software-testing
}"}


